
@misc{dex2jar,
	author = "Panxiaobo",
	title = "dex2jar is a tool for converting Android's .dex format to Java's .class format.",
	year = "2011",
	howpublished = "\url{https://code.google.com/p/dex2jar/}"
}

@misc{jdgui,
	author = "xinbiao..., thinkf...",
	title = "JD-GUI is a standalone graphical utility that displays Java source codes of .class files.",
	year = "2010",
	howpublished = "\url{https://code.google.com/p/innlab/}"
}

