
@misc{PoC,
	author = "pof",
	title = "Quick \& dirty PoC for Android bug 8219321 discovered by BlueboxSec",
	year = "2013",
	howpublished = "\url{https://gist.github.com/poliva/36b0795ab79ad6f14fd8}"
}

